<?xml version="1.0" encoding="UTF-8"?><collection xmlns="http://www.loc.gov/MARC21/slim"><record><leader>00528nam--2200157-i-4500</leader><controlfield tag="001">000011601</controlfield><controlfield tag="002">20161230</controlfield><controlfield tag="005">20161230201029</controlfield><controlfield tag="008">060222s1000------------r-----000-0-eng-d</controlfield><datafield ind1=" " ind2=" " tag="080"><subfield code="a">515.1(075.8)</subfield></datafield><datafield ind1=" " ind2=" " tag="100"><subfield code="a">Christensen, J.P.R</subfield></datafield><datafield ind1=" " ind2=" " tag="245"><subfield code="a">Topology and borel structure.descriptive topol ogy and set theory with application to functio nal analysis and measure theory</subfield></datafield><datafield ind1=" " ind2=" " tag="260"><subfield code="a">Amsterdam, North-holland Company, 1974. 133 P</subfield></datafield><datafield ind1=" " ind2=" " tag="490"><subfield code="a">North-holland Mathematica Stadias,</subfield></datafield><datafield ind1=" " ind2=" " tag="852"><subfield code="a">42881</subfield></datafield><datafield ind1=" " ind2=" " tag="CAT"><subfield code="a">Sys</subfield><subfield code="c">20080611</subfield><subfield code="h">102319</subfield></datafield></record></collection>